% Abbreviations for some of our favorite conference.

@string{EuroSP="IEEE European Symposium on Security and Privacy"}
@string{NorCalSP="IEEE Symposium on Security and Privacy"}
@string{CCS="ACM Conference on Computer and Communications Security"}
@string{USEC="USENIX Security Symposium"}
@string{NDSS = "Network and Distributed System Security"}
@string{PETS = "Privacy Enhancing Technologies Symposium"}

@article{burns2010snakes,
  title={{FAQ}: The ``Snake Fight'' Portion of your Thesis Defense},
  author={Luke Burns},
  journal={McSweeney's},
  url = {https://www.mcsweeneys.net/articles/faq-the-snake-fight-portion-of-your-thesis-defense},
  month={Nov},
  year={2010}
}

@inproceedings{fang2022costco,
  title = {{CostCO}: An automatic cost modeling framework for secure multi-party computation},
  author = {Vivian Fang and Lloyd Brown and William Lin and  Wenting Zheng and Aurojit Panda and Raluca Ada Popa},
  booktitle = EuroSP,
  year = 2022,
  url = {https://eprint.iacr.org/2022/332}}
  
@inproceedings{ahmadian2022dynamic,
   title = {Dynamic Policies Revisited}, 
   author = {Amir M. Ahmadian and Musard Balliu},
   booktitle = EuroSP,
   year = 2022,
   url = {http://urn.kb.se/resolve?urn=urn:nbn:se:kth:diva-309603}}
   
@article{katsnelson2021colour,
   title = {Colour me better: fixing figures for colour blindness},
   author = {Alla Katsnelson},
   journal = {Nature},
   year = {2021},
   month = {Oct},
   url = {https://www.nature.com/articles/d41586-021-02696-z}}





%%%%%%%%%%%%%%%%%%%%%%%%%%%%%%%%%%%%%%%%%%%%%%%%%%%%
@book{albright2020business,
  title={Business analytics: Data analysis and decision making},
  author={Albright, S Christian and Winston, Wayne L},
  year={2020},
  publisher={Cengage Learning, Inc.}
}



@article{sandhu2021big,
  title={Big data with cloud computing: Discussions and challenges},
  author={Sandhu, Amanpreet Kaur},
  journal={Big Data Mining and Analytics},
  volume={5},
  number={1},
  pages={32--40},
  year={2021},
  publisher={TUP}
}
@article{purohit2013data,
  title={Data leakage analysis on cloud computing},
  author={Purohit, Bijayalaxmi and Singh, Pawan Prakash},
  journal={International Journal of Engineering Research and Applications},
  volume={3},
  number={3},
  pages={1311--1316},
  year={2013}
}



@inproceedings{chen2019opera,
  title={Opera: Open remote attestation for intel's secure enclaves},
  author={Chen, Guoxing and Zhang, Yinqian and Lai, Ten-Hwang},
  booktitle={Proceedings of the 2019 ACM SIGSAC Conference on Computer and Communications Security},
  pages={2317--2331},
  year={2019}
}
@inproceedings{chen2022mage,
  title={$\{$MAGE$\}$: Mutual Attestation for a Group of Enclaves without Trusted Third Parties},
  author={Chen, Guoxing and Zhang, Yinqian},
  booktitle={31st USENIX Security Symposium (USENIX Security 22)},
  pages={4095--4110},
  year={2022}
}



@article{dai2019sdte,
  title={SDTE: A secure blockchain-based data trading ecosystem},
  author={Dai, Weiqi and Dai, Chunkai and Choo, Kim-Kwang Raymond and Cui, Changze and Zou, Deiqing and Jin, Hai},
  journal={IEEE Transactions on Information Forensics and Security},
  volume={15},
  pages={725--737},
  year={2019},
  publisher={IEEE}
}
@inproceedings{zheng2020blockchain,
  title={A blockchain-based trading platform for big data},
  author={Zheng, Shuli and Pan, Lixuan and Hu, Donghui and Li, Meng and Fan, Yuqi},
  booktitle={IEEE INFOCOM 2020-IEEE Conference on Computer Communications Workshops (INFOCOM WKSHPS)},
  pages={991--996},
  year={2020},
  organization={IEEE}
}
@inproceedings{xiao2020privacyguard,
  title={Privacyguard: Enforcing private data usage control with blockchain and attested off-chain contract execution},
  author={Xiao, Yang and Zhang, Ning and Li, Jin and Lou, Wenjing and Hou, Y Thomas},
  booktitle={Computer Security--ESORICS 2020: 25th European Symposium on Research in Computer Security, ESORICS 2020, Guildford, UK, September 14--18, 2020, Proceedings, Part II 25},
  pages={610--629},
  year={2020},
  organization={Springer}
}
@article{wang2020spds,
  title={SPDS: A secure and auditable private data sharing scheme for smart grid based on blockchain},
  author={Wang, Yuntao and Su, Zhou and Zhang, Ning and Chen, Jianfei and Sun, Xin and Ye, Zhiyuan and Zhou, Zhenyu},
  journal={IEEE Transactions on Industrial Informatics},
  volume={17},
  number={11},
  pages={7688--7699},
  year={2020},
  publisher={IEEE}
}
@inproceedings{hardin2022amanuensis,
  title={Amanuensis: provenance, privacy, and permission in TEE-enabled blockchain data systems},
  author={Hardin, Taylor and Kotz, David},
  booktitle={2022 IEEE 42nd International Conference on Distributed Computing Systems (ICDCS)},
  pages={144--156},
  year={2022},
  organization={IEEE}
}



@article{lindell2020secure,
  title={Secure multiparty computation},
  author={Lindell, Yehuda},
  journal={Communications of the ACM},
  volume={64},
  number={1},
  pages={86--96},
  year={2020},
  publisher={ACM New York, NY, USA}
}
@inproceedings{patra2021aby2,
  title={$\{$ABY2. 0$\}$: Improved $\{$Mixed-Protocol$\}$ Secure $\{$Two-Party$\}$ Computation},
  author={Patra, Arpita and Schneider, Thomas and Suresh, Ajith and Yalame, Hossein},
  booktitle={30th USENIX Security Symposium (USENIX Security 21)},
  pages={2165--2182},
  year={2021}
}
@inproceedings{dalskov2022fast,
  title={Fast fully secure multi-party computation over any ring with two-thirds honest majority},
  author={Dalskov, Anders and Escudero, Daniel and Nof, Ariel},
  booktitle={Proceedings of the 2022 ACM SIGSAC Conference on Computer and Communications Security},
  pages={653--666},
  year={2022}
}
@article{alaya2020homomorphic,
  title={Homomorphic encryption systems statement: Trends and challenges},
  author={Alaya, Bechir and Laouamer, Lamri and Msilini, Nihel},
  journal={Computer Science Review},
  volume={36},
  pages={100235},
  year={2020},
  publisher={Elsevier}
}
@article{evans2018pragmatic,
  title={A pragmatic introduction to secure multi-party computation},
  author={Evans, David and Kolesnikov, Vladimir and Rosulek, Mike and others},
  journal={Foundations and Trends{\textregistered} in Privacy and Security},
  volume={2},
  number={2-3},
  pages={70--246},
  year={2018},
  publisher={Now Publishers, Inc.}
}



@article{marcolla2022survey,
  title={Survey on fully homomorphic encryption, theory, and applications},
  author={Marcolla, Chiara and Sucasas, Victor and Manzano, Marc and Bassoli, Riccardo and Fitzek, Frank HP and Aaraj, Najwa},
  journal={Proceedings of the IEEE},
  volume={110},
  number={10},
  pages={1572--1609},
  year={2022},
  publisher={IEEE}
}
@inproceedings{lu2021pegasus,
  title={PEGASUS: bridging polynomial and non-polynomial evaluations in homomorphic encryption},
  author={Lu, Wen-jie and Huang, Zhicong and Hong, Cheng and Ma, Yiping and Qu, Hunter},
  booktitle={2021 IEEE Symposium on Security and Privacy (SP)},
  pages={1057--1073},
  year={2021},
  organization={IEEE}
}
@inproceedings{bossuat2021efficient,
  title={Efficient bootstrapping for approximate homomorphic encryption with non-sparse keys},
  author={Bossuat, Jean-Philippe and Mouchet, Christian and Troncoso-Pastoriza, Juan and Hubaux, Jean-Pierre},
  booktitle={Annual International Conference on the Theory and Applications of Cryptographic Techniques},
  pages={587--617},
  year={2021},
  organization={Springer}
}



@article{li2021survey,
  title={A survey on federated learning systems: Vision, hype and reality for data privacy and protection},
  author={Li, Qinbin and Wen, Zeyi and Wu, Zhaomin and Hu, Sixu and Wang, Naibo and Li, Yuan and Liu, Xu and He, Bingsheng},
  journal={IEEE Transactions on Knowledge and Data Engineering},
  year={2021},
  publisher={IEEE}
}
@inproceedings{bonawitz2017practical,
  title={Practical secure aggregation for privacy-preserving machine learning},
  author={Bonawitz, Keith and Ivanov, Vladimir and Kreuter, Ben and Marcedone, Antonio and McMahan, H Brendan and Patel, Sarvar and Ramage, Daniel and Segal, Aaron and Seth, Karn},
  booktitle={proceedings of the 2017 ACM SIGSAC Conference on Computer and Communications Security},
  pages={1175--1191},
  year={2017}
}
@article{shayan2020biscotti,
  title={Biscotti: A blockchain system for private and secure federated learning},
  author={Shayan, Muhammad and Fung, Clement and Yoon, Chris JM and Beschastnikh, Ivan},
  journal={IEEE Transactions on Parallel and Distributed Systems},
  volume={32},
  number={7},
  pages={1513--1525},
  year={2020},
  publisher={IEEE}
}



@article{zheng2021survey,
  title={A survey of Intel SGX and its applications},
  author={Zheng, Wei and Wu, Ying and Wu, Xiaoxue and Feng, Chen and Sui, Yulei and Luo, Xiapu and Zhou, Yajin},
  journal={Frontiers of Computer Science},
  volume={15},
  pages={1--15},
  year={2021},
  publisher={Springer}
}
@inproceedings{tsai2017graphene,
  title={$\{$Graphene-SGX$\}$: A Practical Library $\{$OS$\}$ for Unmodified Applications on $\{$SGX$\}$},
  author={Tsai, Chia-Che and Porter, Donald E and Vij, Mona},
  booktitle={2017 USENIX Annual Technical Conference (USENIX ATC 17)},
  pages={645--658},
  year={2017}
}
@inproceedings{priebe2018enclavedb,
  title={EnclaveDB: A secure database using SGX},
  author={Priebe, Christian and Vaswani, Kapil and Costa, Manuel},
  booktitle={2018 IEEE Symposium on Security and Privacy (SP)},
  pages={264--278},
  year={2018},
  organization={IEEE}
}
@article{nilsson2020survey,
  title={A survey of published attacks on Intel SGX},
  author={Nilsson, Alexander and Bideh, Pegah Nikbakht and Brorsson, Joakim},
  journal={arXiv preprint arXiv:2006.13598},
  year={2020}
}








############

@misc{mnist,
  title =        "{The MNIST Database}",
  howpublished = "{[Online]. Available: \url{http://yann.lecun.com/exdb/mnist/}}",
  year =         {2020}
}

@misc{titanic,
  title =        "{Titanic - Machine Learning from Disaster}",
  howpublished = "{[Online]. Available: \url{https://www.kaggle.com/c/titanic/data}}",
  year =         {2020}
}

@misc{ganache,
  title =        "{Ganache}",
  howpublished = "{[Online]. Available: \url{https://www.trufflesuite.com/ganache}}",
  year =         {2020}
}

@inproceedings{dinh2017blockbench,
  title={Blockbench: A framework for analyzing private blockchains},
  author={Dinh, Tien Tuan Anh and Wang, Ji and Chen, Gang and Liu, Rui and Ooi, Beng Chin and Tan, Kian-Lee},
  booktitle={Proceedings of the 2017 ACM International Conference on Management of Data},
  pages={1085--1100},
  year={2017}
}



@misc{gxchain,
  title =        "{GXChain Foundation Ltd}",
  howpublished = "{[Online]. Available: \url{https://static.gxchain.org/files/GXChain_WhitePaper_v3.0_CN.pdf}}",
  year =         {2018}
}

@inproceedings{accounttrade,
  title={Accounttrade: Accountable protocols for big data trading against dishonest consumers},
  author={Jung, Taeho and Li, Xiang-Yang and Huang, Wenchao and Qian, Jianwei and Chen, Linlin and Han, Junze and Hou, Jiahui and Su, Cheng},
  booktitle={IEEE INFOCOM 2017-IEEE Conference on Computer Communications},
  pages={1--9},
  year={2017},
  organization={IEEE}
}

@article{zhao,
  title={Machine learning based privacy-preserving fair data trading in big data market},
  author={Zhao, Yanqi and Yu, Yong and Li, Yannan and Han, Gang and Du, Xiaojiang},
  journal={Information Sciences},
  volume={478},
  pages={449--460},
  year={2019},
  publisher={Elsevier}
}

@article{dong2015secure,
  title={Secure sensitive data sharing on a big data platform},
  author={Dong, Xinhua and Li, Ruixuan and He, Heng and Zhou, Wanwan and Xue, Zhengyuan and Wu, Hao},
  journal={Tsinghua science and technology},
  volume={20},
  number={1},
  pages={72--80},
  year={2015},
  publisher={TUP}
}

@inproceedings{yue2017big,
  title={Big data model of security sharing based on blockchain},
  author={Yue, Li and Junqin, Huang and Shengzhi, Qin and Ruijin, Wang},
  booktitle={2017 3rd International Conference on Big Data Computing and Communications (BIGCOM)},
  pages={117--121},
  year={2017},
  organization={IEEE}
}

@article{xia2017medshare,
  title={MeDShare: Trust-less medical data sharing among cloud service providers via blockchain},
  author={Xia, QI and Sifah, Emmanuel Boateng and Asamoah, Kwame Omono and Gao, Jianbin and Du, Xiaojiang and Guizani, Mohsen},
  journal={IEEE Access},
  volume={5},
  pages={14757--14767},
  year={2017},
  publisher={IEEE}
}

@article{shen,
  title={Enabling identity-based integrity auditing and data sharing with sensitive information hiding for secure cloud storage},
  author={Shen, Wenting and Qin, Jing and Yu, Jia and Hao, Rong and Hu, Jiankun},
  journal={IEEE Transactions on Information Forensics and Security},
  volume={14},
  number={2},
  pages={331--346},
  year={2018},
  publisher={IEEE}
}

@ARTICLE{FG,
  author={Zuo, Cong and Shao, Jun and Liu, Joseph K. and Wei, Guiyi and Ling, Yun},
  journal={IEEE Transactions on Information Forensics and Security}, 
  title={Fine-Grained Two-Factor Protection Mechanism for Data Sharing in Cloud Storage}, 
  year={2018},
  volume={13},
  number={1},
  pages={186-196},
  doi={10.1109/TIFS.2017.2746000}
}
  
@ARTICLE{APRE,
  author={Guo, Hui and Zhang, Zhenfeng and Xu, Jing and An, Ningyu and Lan, Xiao},
  journal={IEEE Transactions on Dependable and Secure Computing}, 
  title={Accountable Proxy Re-Encryption for Secure Data Sharing}, 
  year={2021},
  volume={18},
  number={1},
  pages={145-159},
  doi={10.1109/TDSC.2018.2877601}
}
  
@ARTICLE{IBET,
  author={Deng, Hua and Qin, Zheng and Wu, Qianhong and Guan, Zhenyu and Deng, Robert H. and Wang, Yujue and Zhou, Yunya},
  journal={IEEE Transactions on Information Forensics and Security}, 
  title={Identity-Based Encryption Transformation for Flexible Sharing of Encrypted Data in Public Cloud}, 
  year={2020},
  volume={15},
  number={},
  pages={3168-3180},
  doi={10.1109/TIFS.2020.2985532}
}

@article{hynes2018demonstration,
  title={A demonstration of sterling: A privacy-preserving data marketplace},
  author={Hynes, Nick and Dao, David and Yan, David and Cheng, Raymond and Song, Dawn},
  journal={Proceedings of the VLDB Endowment},
  volume={11},
  number={12},
  pages={2086--2089},
  year={2018},
  publisher={VLDB Endowment}
}

@article{schulte2019gtirb,
  title={GTIRB: intermediate representation for binaries},
  author={Schulte, Eric and Dorn, Jonathan and Flores-Montoya, Antonio and Ballman, Aaron and Johnson, Tom},
  journal={arXiv preprint arXiv:1907.02859},
  year={2019}
}

@article{king1976symbolic,
  title={Symbolic execution and program testing},
  author={King, James C},
  journal={Communications of the ACM},
  volume={19},
  number={7},
  pages={385--394},
  year={1976},
  publisher={ACM New York, NY, USA}
}

@article{baldoni2018survey,
  title={A survey of symbolic execution techniques},
  author={Baldoni, Roberto and Coppa, Emilio and D’elia, Daniele Cono and Demetrescu, Camil and Finocchi, Irene},
  journal={ACM Computing Surveys (CSUR)},
  volume={51},
  number={3},
  pages={1--39},
  year={2018},
  publisher={ACM New York, NY, USA}
}